<?xml version="1.0" encoding="UTF-8"?><collection xmlns="http://www.loc.gov/MARC21/slim"><record><leader>00512nam--2200181-i-4500</leader><controlfield tag="001">000041467</controlfield><controlfield tag="002">20161230</controlfield><controlfield tag="005">20161230201043</controlfield><controlfield tag="008">060222s1000------------r-----000-0-eng-d</controlfield><datafield ind1=" " ind2=" " tag="040"><subfield code="a">IFIN-HH</subfield></datafield><datafield ind1=" " ind2=" " tag="080"><subfield code="a">539.219.3</subfield></datafield><datafield ind1="1" ind2=" " tag="100"><subfield code="a">Shewmon, Paul G</subfield></datafield><datafield ind1="1" ind2="0" tag="245"><subfield code="a">Diffusion in solids</subfield><subfield code="c">Paul g. shewmon</subfield></datafield><datafield ind1=" " ind2=" " tag="260"><subfield code="a">New York</subfield><subfield code="b">Mcgraw-hill Book Company Inc</subfield><subfield code="c">1963</subfield></datafield><datafield ind1=" " ind2=" " tag="300"><subfield code="a">X + 203 P</subfield></datafield><datafield ind1=" " ind2=" " tag="490"><subfield code="a">Mcgraw-hill Series In Materials Science And Engineering</subfield></datafield><datafield ind1=" " ind2=" " tag="852"><subfield code="a">18559</subfield><subfield code="c">539.217</subfield></datafield><datafield ind1=" " ind2=" " tag="CAT"><subfield code="a">Sys</subfield><subfield code="c">20121210</subfield><subfield code="h">140544</subfield></datafield></record></collection>